<collection xmlns="http://www.loc.gov/MARC21/slim"><record><leader>00777nam  2200241   450</leader><controlfield tag="001">104</controlfield><controlfield tag="003">http://montalegre.opacnet.com/OPAC/default.aspx?ContentAreaControl=ShowRegHoldings.ascx&amp;RegNo=16662</controlfield><controlfield tag="005">19</controlfield><datafield tag="095" ind1=" " ind2=" "><subfield code="a">PTBN00022843</subfield></datafield><datafield tag="100" ind1=" " ind2=" "><subfield code="a">19970210d1981    m  y0pora0103    ba</subfield></datafield><datafield tag="101" ind1="1" ind2=" "><subfield code="a">por</subfield><subfield code="c">ger</subfield></datafield><datafield tag="102" ind1=" " ind2=" "><subfield code="a">PT</subfield></datafield><datafield tag="200" ind1="1" ind2=" "><subfield code="a">Casa indefesa</subfield><subfield code="f">Heinrich Boll</subfield><subfield code="g">trad. Jorge Rosa</subfield></datafield><datafield tag="205" ind1=" " ind2=" "><subfield code="a">3ª ed</subfield></datafield><datafield tag="210" ind1=" " ind2=" "><subfield code="a">Lisboa</subfield><subfield code="c">Livros do Brasil</subfield><subfield code="d">[D.L. 1981]</subfield></datafield><datafield tag="215" ind1=" " ind2=" "><subfield code="a">340, [3] p.</subfield><subfield code="d">22 cm</subfield></datafield><datafield tag="225" ind1="2" ind2=" "><subfield code="a">Dois mundos</subfield><subfield code="v">89</subfield></datafield><datafield tag="304" ind1=" " ind2=" "><subfield code="a">Tít. orig.: Haus ohne Hüter</subfield></datafield><datafield tag="675" ind1=" " ind2=" "><subfield code="a">821</subfield><subfield code="v">BN</subfield><subfield code="z">por</subfield><subfield code="3">288124</subfield></datafield><datafield tag="700" ind1=" " ind2="1"><subfield code="a">Boll</subfield><subfield code="b">Heinrich</subfield><subfield code="f">1917-1985</subfield><subfield code="3">15263</subfield></datafield><datafield tag="702" ind1=" " ind2="1"><subfield code="a">Rosa</subfield><subfield code="b">Jorge</subfield><subfield code="4">730</subfield><subfield code="3">110876</subfield></datafield><datafield tag="801" ind1=" " ind2="0"><subfield code="a">PT</subfield><subfield code="b">Biblioteca Municipal de Montalegre</subfield><subfield code="g">RPC</subfield></datafield><datafield tag="856" ind1=" " ind2=" "><subfield code="u">locateMedia.asp?cod=20060509090827&amp;ext=jpg</subfield><subfield code="z">CAPA</subfield></datafield><datafield tag="909" ind1="&#9;" ind2=" "><subfield code="a">1</subfield></datafield><datafield tag="966" ind1=" " ind2=" "><subfield code="a">0008337</subfield><subfield code="l">BMM</subfield><subfield code="s">SCG 821 BOL cas 89</subfield></datafield></record></collection>